

@article{cpmmDeligiannidis2015,
  title={The correlated pseudo-marginal method},
  author={Deligiannidis, George and Doucet, Arnaud and Pitt, Michael K},
  journal={arXiv preprint arXiv:1511.04992},
  year={2015}
}

@article{roberts2004,
author = "Roberts, Gareth O. and Rosenthal, Jeffrey S.",
doi = "10.1214/154957804100000024",
fjournal = "Probability Surveys",
journal = "Probab. Surveys",
pages = "20--71",
publisher = "The Institute of Mathematical Statistics and the Bernoulli Society",
title = "General state space Markov chains and MCMC algorithms",
url = "https://doi.org/10.1214/154957804100000024",
volume = "1",
year = "2004"
}
